/home/snowztail/Documents/Library/library.bib